<mjloggm ver="2.3"><GO type="169" lobby="0"/><UN n0="%39%39%39" n1="%48%6F%63%6B%65%79%32%32" n2="%E3%82%80%E3%83%BC%E3%81%BF%E3%82%93%5F%32%31" n3="%E3%82%A2%E3%83%83%E3%83%97%E3%83%AB%E3%82%B0%E3%83%9F" dan="17,16,16,16" rate="2212.54,2015.73,2086.45,2105.55" sx="F,F,M,M"/><TAIKYOKU oya="0"/>
<INIT seed="0,0,0,1,4,92" ten="250,250,250,250" oya="0" hai0="77,61,8,71,33,18,25,91,135,54,97,120,38" hai1="132,122,24,115,111,119,58,94,66,113,126,57,65" hai2="2,31,3,100,68,112,86,21,7,12,99,53,49" hai3="39,26,5,125,123,80,56,95,44,20,73,14,69"/><T55/><D120/><U102/><E122/><V90/><F112/><N who="1" m="43081" /><E119/><V37/><F37/><W60/><G69/><T1/><D38/><U117/><E117/><V96/><F68/><W30/><G125/><T79/><D135/><U83/><E126/><V0/><F100/><W11/><G123/><T64/><D54/><U4/><E132/><V101/><F101/><W41/><G95/><T106/><D55/><U88/><E111/><V32/><F32/><W118/><G118/><T43/><D43/><U62/><E4/><V10/><F21/><W70/><G70/><T114/><D114/><U40/><E40/><V45/><REACH who="2" step="1"/><F31/><REACH who="2" ten="250,250,240,250" step="2"/><W34/><G34/><T59/><D71/><U67/><E102/><V78/><F78/><W134/><G134/><T105/><D77/><U127/><E127/><V85/><F85/><W93/><G73/><T131/><D79/><U16/><E62/><V29/><F29/><W23/><G30/><T116/><D116/><U6/><E6/><V46/><F46/><W84/><G5/><T121/><D121/><U87/><E83/><AGARI ba="0,1" hai="0,2,3,7,10,12,45,49,53,83,86,90,96,99" machi="83" ten="40,5200,0" yaku="1,1,52,2,53,0" doraHai="92" doraHaiUra="130" who="2" fromWho="1" sc="250,0,250,-52,240,62,250,0" />

<INIT seed="1,0,0,1,0,95" ten="250,198,302,250" oya="1" hai0="63,14,39,70,77,72,107,94,47,115,91,65,30" hai1="89,10,100,123,16,68,69,19,9,38,48,78,60" hai2="53,3,0,5,55,82,109,56,20,67,125,62,44" hai3="88,124,116,112,4,106,36,108,23,104,110,27,35"/><U33/><E38/><V49/><F109/><N who="3" m="42091" /><G112/><T131/><D115/><U13/><E33/><V101/><F125/><W127/><G36/><T25/><D107/><N who="3" m="41001" /><G35/><T1/><D131/><U66/><E123/><V114/><F114/><W122/><G4/><T71/><D71/><U119/><E119/><V46/><F101/><W97/><G122/><T34/><D1/><U73/><E100/><V121/><F121/><W90/><G116/><T6/><D77/><U84/><E78/><V93/><F93/><N who="3" m="56487" /><G90/><T17/><D6/><U41/><E89/><V11/><F82/><W76/><G76/><T51/><D39/><U43/><E68/><V85/><F85/><W92/><G92/><T2/><D72/><U26/><E73/><V37/><F37/><W105/><N who="3" m="41009" /><W79/><DORA hai="117" /><G79/><T74/><D74/><U113/><E84/><V24/><F0/><W61/><G61/><T42/><D91/><U8/><E113/><V102/><F102/><W128/><G128/><T32/><D94/><U31/><E48/><V40/><REACH who="2" step="1"/><F46/><REACH who="2" ten="250,198,292,250" step="2"/><W58/><G58/><T129/><D129/><U118/><E118/><V18/><AGARI ba="0,1" hai="3,5,11,18,20,24,40,44,49,53,55,56,62,67" machi="18" ten="20,5200,0" yaku="1,1,2,1,0,1,7,1,53,0" doraHai="95,117" doraHaiUra="132,81" who="2" fromWho="2" sc="250,-13,198,-26,292,62,250,-13" />

<INIT seed="2,0,0,0,4,15" ten="237,172,354,237" oya="2" hai0="16,4,120,49,106,50,47,28,25,74,85,80,26" hai1="10,12,48,54,112,53,64,131,116,110,70,123,66" hai2="119,83,11,78,5,43,98,117,103,124,79,135,45" hai3="8,134,72,111,67,46,109,30,65,92,17,35,7"/><V39/><F135/><W126/><G134/><T121/><D74/><U107/><E107/><V81/><F124/><W42/><G72/><T0/><D106/><U9/><E112/><V104/><F81/><W34/><G92/><T76/><D49/><U13/><E116/><V122/><F122/><W21/><G126/><T108/><D108/><N who="3" m="41545" /><G30/><T100/><D100/><U118/><E110/><V33/><F33/><N who="3" m="12299" /><G8/><T24/><D28/><U32/><E123/><V96/><F96/><W73/><G7/><T101/><D101/><U2/><E32/><V94/><F94/><W82/><G82/><T22/><D4/><U77/><E48/><V62/><F62/><W20/><G20/><T36/><D0/><U130/><E77/><V27/><F27/><N who="3" m="14767" /><G73/><T40/><REACH who="0" step="1"/><D36/><AGARI ba="0,0" hai="36,42,46,65,67" m="14767,12299,41545" machi="36" ten="30,2000,0" yaku="14,1,52,1" doraHai="15" who="3" fromWho="0" sc="237,-20,172,0,354,0,237,20" />

<INIT seed="3,0,0,4,5,128" ten="217,172,354,257" oya="3" hai0="8,76,48,4,26,38,22,45,131,116,93,60,21" hai1="94,133,33,1,101,59,111,63,129,86,135,6,83" hai2="3,55,92,89,126,36,123,121,68,102,87,107,67" hai3="62,80,42,115,2,134,46,95,29,12,91,51,20"/><W72/><G2/><T73/><D116/><U15/><E1/><V118/><F36/><W47/><G115/><T32/><D131/><U7/><E33/><V69/><F3/><W77/><G134/><N who="1" m="51210" /><E129/><V44/><F126/><W14/><G62/><T19/><D32/><U28/><E28/><V0/><F0/><W57/><G57/><T16/><D38/><U84/><E111/><V97/><F118/><W70/><G70/><T122/><D60/><U109/><E109/><V9/><F9/><W66/><G66/><T56/><D56/><U37/><E37/><V82/><F67/><W100/><G100/><T23/><D122/><N who="2" m="46602" /><F107/><W130/><G46/><T64/><D64/><N who="1" m="39039" /><E15/><V106/><F106/><W41/><G130/><T105/><D26/><U25/><E25/><V5/><F5/><N who="1" m="1545" /><E83/><V39/><F39/><W27/><G42/><T49/><D4/><U125/><E125/><V78/><F69/><W17/><REACH who="3" step="1"/><G29/><REACH who="3" ten="217,172,354,247" step="2"/><T88/><D19/><U13/><E13/><V58/><F68/><W18/><G18/><T34/><D16/><U112/><E112/><V120/><F120/><W117/><G117/><T74/><D8/><U108/><E108/><V127/><F127/><W31/><G31/><T43/><D43/><U85/><E101/><V124/><F124/><W11/><G11/><T114/><D114/><U75/><E75/><V53/><F102/><W54/><G54/><T110/><D74/><U10/><E10/><V40/><F58/><W30/><G30/><T50/><D73/><U24/><E24/><V35/><F35/><W99/><AGARI ba="0,1" hai="12,14,17,20,27,41,47,51,72,77,80,91,95,99" machi="99" ten="20,3900,0" yaku="1,1,0,1,7,1,53,0" doraHai="128" doraHaiUra="132" who="3" fromWho="3" sc="217,-13,172,-13,354,-13,247,49" />

<INIT seed="3,1,0,1,5,24" ten="204,159,341,296" oya="3" hai0="30,3,125,76,104,106,133,94,102,65,46,129,81" hai1="115,42,123,51,122,101,66,10,57,109,119,20,88" hai2="126,128,9,116,50,38,95,62,111,75,82,108,43" hai3="130,59,28,63,23,52,71,35,86,78,134,11,91"/><W100/><G130/><T99/><D133/><U83/><E115/><V47/><F128/><W70/><G134/><T49/><D129/><U110/><E101/><V13/><F126/><W89/><G35/><T5/><D125/><U112/><E112/><V69/><F116/><W64/><G100/><T54/><D65/><U2/><E119/><V74/><F95/><W53/><G71/><T107/><D30/><U12/><E2/><V60/><F82/><N who="3" m="47447" /><G11/><T22/><D22/><U34/><E20/><V79/><F79/><W21/><G70/><T124/><D124/><U6/><E34/><V29/><F29/><W8/><G8/><T97/><D5/><U44/><E66/><V55/><F69/><W0/><G0/><T121/><D3/><U87/><REACH who="1" step="1"/><E57/><REACH who="1" ten="204,149,341,296" step="2"/><N who="2" m="33015" /><F75/><W118/><G118/><T58/><D58/><U31/><E31/><V36/><F74/><W18/><G28/><T120/><D120/><AGARI ba="1,1" hai="6,10,12,42,44,51,83,87,88,109,110,120,122,123" machi="120" ten="40,2600,0" yaku="1,1,54,1,53,0" doraHai="24" doraHaiUra="61" who="1" fromWho="0" sc="204,-29,149,39,341,0,296,0" />

<INIT seed="4,0,0,2,4,89" ten="175,188,341,296" oya="0" hai0="103,13,48,20,127,0,109,88,91,31,92,126,60" hai1="66,26,110,34,107,61,70,43,72,16,124,120,6" hai2="41,42,134,80,59,1,9,68,25,128,96,36,105" hai3="99,69,63,29,93,32,24,95,115,81,76,122,84"/><T35/><D109/><U55/><E110/><V94/><F134/><W125/><G115/><T90/><D0/><U129/><E120/><V104/><F128/><W87/><G122/><T78/><D78/><U44/><E72/><V10/><F68/><W23/><G125/><N who="0" m="47627" /><D60/><U45/><E124/><V82/><F25/><W117/><G117/><T53/><D35/><U64/><E107/><V7/><F59/><W8/><G99/><N who="0" m="59879" /><D13/><U135/><E135/><V71/><F71/><W33/><G33/><T54/><D48/><U121/><E121/><V83/><F10/><W119/><G8/><T77/><D77/><U22/><E6/><V56/><F56/><W62/><G32/><T47/><D47/><U101/><E129/><V58/><F58/><W2/><G2/><T73/><D73/><U108/><E108/><V14/><F1/><W5/><G69/><T39/><D39/><U57/><E34/><V100/><REACH who="2" step="1"/><F36/><REACH who="2" ten="175,188,331,296" step="2"/><W15/><G63/><T112/><D112/><U123/><E123/><V65/><F65/><W114/><G62/><T49/><D49/><N who="1" m="26783" /><E70/><V28/><F28/><W40/><G29/><T113/><D113/><U86/><E45/><V130/><F130/><W98/><G114/><T19/><D31/><U74/><E64/><V12/><F12/><W4/><G15/><T38/><D38/><U118/><E66/><V67/><F67/><W3/><G3/><T52/><D53/><U111/><E55/><V131/><F131/><W21/><G24/><T50/><D50/><U30/><E26/><V102/><F102/><W51/><G51/><T133/><D133/><RYUUKYOKU ba="0,1" sc="175,15,188,-15,331,15,296,-15" hai0="19,20,52,54,88,90,91" hai2="7,9,14,41,42,80,82,83,94,96,100,104,105" />


<INIT seed="4,1,1,3,2,90" ten="190,173,346,281" oya="0" hai0="49,98,29,41,112,40,118,54,77,66,113,16,36" hai1="130,8,106,6,61,60,28,88,24,99,92,108,123" hai2="3,21,70,19,31,100,75,117,5,114,37,97,14" hai3="34,38,57,13,120,59,45,94,20,53,128,81,91"/><T44/><D118/><U25/><E108/><V2/><F37/><W56/><G34/><T65/><D29/><U111/><E111/><V82/><F70/><W95/><G128/><T46/><D77/><U93/><E123/><V47/><F117/><W72/><G120/><T103/><D16/><U131/><E106/><V135/><F135/><W35/><G35/><T42/><D42/><U7/><E28/><V80/><F114/><N who="0" m="44138" /><D54/><U10/><E88/><V15/><F47/><W27/><G13/><T62/><D62/><U63/><E61/><V83/><F75/><W51/><G38/><T125/><D125/><U78/><E99/><V116/><F116/><W58/><N who="3" m="14336" /><DORA hai="23" /><W79/><REACH who="3" step="1"/><G91/><REACH who="3" ten="190,173,346,271" step="2"/><T18/><D18/><AGARI ba="1,2" hai="18,20,27,45,51,53,72,79,81,94,95" m="14336" machi="18" ten="50,8000,1" yaku="1,1,2,1,52,3,53,0" doraHai="90,23" doraHaiUra="71,68" who="3" fromWho="0" sc="190,-83,173,0,346,0,271,103" />



<INIT seed="5,0,0,1,2,110" ten="107,173,346,374" oya="1" hai0="35,30,94,108,39,57,127,112,132,55,98,27,70" hai1="120,95,41,97,32,71,47,107,22,15,128,72,89" hai2="51,28,24,99,80,130,118,109,88,62,101,115,76" hai3="134,37,92,74,77,53,63,25,29,119,85,135,49"/><U129/><BYE who="2" /><E120/><V91/><F91/><N who="3" m="53359" /><G37/><T12/><D108/><U114/><E32/><V2/><F2/><W38/><G38/><T122/><D122/><U44/><E72/><V8/><F8/><W81/><G63/><T105/><D132/><N who="3" m="50729" /><G119/><UN n2="%E3%82%80%E3%83%BC%E3%81%BF%E3%82%93%5F%32%31" /><T86/><D127/><U18/><E114/><V126/><F126/><W106/><BYE who="2" /><G106/><T96/><D70/><U21/><E71/><V7/><F7/><W9/><G9/><T104/><D39/><U103/><E22/><V82/><F82/><W124/><G124/><T61/><D112/><U121/><E121/><V1/><F1/><W65/><G65/><T36/><D36/><U58/><E58/><V52/><F52/><W66/><G66/><T90/><D98/><U3/><E3/><V93/><F93/><W111/><G111/><T20/><D35/><U50/><REACH who="1" step="1"/><E47/><REACH who="1" ten="107,163,346,374" step="2"/><V54/><F54/><W16/><G53/><UN n2="%E3%82%80%E3%83%BC%E3%81%BF%E3%82%93%5F%32%31" /><T83/><REACH who="0" step="1"/><D12/><REACH who="0" ten="97,163,346,374" step="2"/><U33/><E33/><V78/><F78/><BYE who="2" /><AGARI ba="0,2" hai="20,27,30,55,57,61,78,83,86,90,94,96,104,105" machi="78" ten="30,3900,0" yaku="1,1,2,1,7,1,53,0" doraHai="110" doraHaiUra="117" who="0" fromWho="2" sc="97,59,163,0,346,-39,374,0" />

<INIT seed="6,0,0,1,0,67" ten="156,163,307,374" oya="2" hai0="29,135,38,22,133,5,43,12,91,7,109,75,4" hai1="102,2,48,88,9,41,127,19,76,40,42,132,111" hai2="115,66,86,69,99,17,1,64,68,105,52,125,34" hai3="119,110,51,128,49,97,27,84,108,30,25,58,130"/><V33/><F33/><W134/><G119/><T113/><D113/><U107/><E111/><N who="3" m="42538" /><G134/><N who="0" m="51211" /><D109/><U24/><E132/><V65/><F65/><W50/><G97/><T70/><D75/><U13/><E2/><V55/><F55/><W57/><G84/><T90/><D70/><U80/><E107/><V35/><F35/><W117/><G117/><T104/><D104/><U95/><E102/><V131/><F131/><N who="3" m="50219" /><G30/><T11/><D38/><U122/><E127/><V31/><F31/><W126/><G126/><T16/><D43/><U120/><E48/><V74/><F74/><W89/><G89/><N who="0" m="33803" /><D29/><U85/><REACH who="1" step="1"/><E24/><AGARI ba="0,0" hai="24,25,27,49,50,51,57,58" m="50219,42538" machi="24" ten="40,5200,0" yaku="28,2,19,1" doraHai="67" who="3" fromWho="1" sc="156,0,163,-52,307,0,374,52" /><AGARI ba="0,0" hai="4,5,7,11,12,16,22,24" m="33803,51211" machi="24" ten="30,2000,0" yaku="20,1,54,1" doraHai="67" who="0" fromWho="1" sc="156,20,111,-20,307,0,426,0" />

<INIT seed="7,0,0,2,5,79" ten="176,91,307,426" oya="3" hai0="15,33,52,112,55,46,119,135,9,124,59,37,101" hai1="42,38,43,126,120,44,132,69,111,96,21,83,114" hai2="32,102,3,93,14,8,13,7,125,134,25,129,1" hai3="18,20,4,76,110,94,130,100,121,72,45,65,71"/><W87/><G72/><T85/><D119/><U128/><E111/><V70/><F70/><W29/><G29/><UN n2="%E3%82%80%E3%83%BC%E3%81%BF%E3%82%93%5F%32%31" /><T113/><D135/><U39/><E120/><V26/><F102/><W56/><G71/><T51/><D33/><U66/><E132/><V98/><F93/><W104/><G104/><T35/><D35/><U118/><E114/><N who="0" m="44137" /><D124/><U41/><E126/><V19/><F98/><W50/><G56/><T16/><D101/><U82/><E128/><V22/><F125/><W131/><G18/><T12/><D12/><U5/><E118/><V99/><F99/><W105/><G50/><N who="0" m="31223" /><D85/><U67/><E5/><V24/><F129/><W81/><G94/><T77/><D77/><U123/><E123/><V60/><F60/><W116/><G20/><T48/><D48/><U53/><E96/><V108/><F108/><W92/><G45/><T78/><D78/><U17/><E53/><V28/><F134/><W122/><G65/><T64/><D64/><U49/><E49/><V106/><F106/><W0/><G92/><T89/><D89/><U95/><E95/><V34/><F34/><W10/><G110/><T58/><D58/><U30/><E30/><V80/><F80/><W91/><G81/><T57/><D57/><U117/><E117/><V6/><F6/><W109/><G4/><T86/><D86/><U36/><E44/><V88/><F88/><W90/><G109/><T62/><D62/><N who="1" m="40151" /><E67/><V103/><F103/><W107/><G130/><T97/><D97/><U68/><E68/><V73/><F73/><W54/><G122/><T31/><D31/><U84/><E84/><RYUUKYOKU ba="0,0" sc="176,10,91,10,307,10,426,-30" hai0="9,15,16,37,46,51,52" hai1="17,21,36,38,39,41,42,43,82,83" hai2="1,3,7,8,13,14,19,22,24,25,26,28,32" owari="186,-21.0,101,-40.0,317,12.0,396,49.0" /></mjloggm>