<mjloggm ver="2.3"><GO type="169" lobby="0"/><UN n0="%E3%82%AB%E3%83%84%E3%82%B2%E3%83%B3%E2%98%85%E2%98%85" n1="%E3%83%92%E3%83%AB%E3%83%8A%E3%83%9F%E3%83%B3" n2="%E3%82%AB%E3%83%A9%E3%82%B9%E3%81%AE%E5%AD%90" n3="%73%68%6F%6F%74%33%39" dan="16,16,16,16" rate="2071.34,2167.58,2094.46,2137.34" sx="M,F,M,M"/><TAIKYOKU oya="0"/><INIT seed="0,0,0,2,2,96" ten="250,250,250,250" oya="0" hai0="111,66,37,4,23,18,89,86,1,99,17,52,120" hai1="109,50,49,20,108,15,73,110,38,103,121,92,57" hai2="62,13,42,87,115,53,28,77,122,76,93,104,128" hai3="63,75,5,59,36,130,126,30,11,27,118,90,9"/><T19/><D37/><U83/><E38/><V48/><F122/><W45/><G118/><T65/><D111/><U35/><E35/><V80/><F115/><W56/><G75/><T113/><D120/><U133/><E121/><V68/><F104/><W131/><G126/><T21/><D113/><U61/><E133/><V32/><F128/><N who="3" m="49195" /><G90/><T7/><D99/><N who="1" m="59879" /><E73/><V78/><F42/><N who="3" m="22727" /><G63/><T100/><D100/><U107/><E107/><V112/><F112/><W124/><G124/><T95/><D52/><N who="1" m="33959" /><E83/><V41/><F62/><W64/><G64/><N who="0" m="24683" /><D1/><U74/><E74/><V72/><F72/><W71/><G71/><T25/><D23/><U134/><E134/><V101/><F68/><W58/><G5/><AGARI ba="0,0" hai="4,5,7,17,18,19,21,25,86,89,95" m="24683" machi="5" ten="30,1500,0" yaku="8,1" doraHai="96" who="0" fromWho="3" sc="250,15,250,0,250,0,250,-15" /><INIT seed="0,1,0,3,4,36" ten="265,250,250,235" oya="0" hai0="25,71,44,123,121,35,129,5,103,34,46,73,43" hai1="122,68,17,29,127,76,6,54,53,98,85,55,100" hai2="58,42,126,87,90,47,16,113,94,89,114,91,37" hai3="78,11,92,111,19,108,24,120,93,70,77,62,60"/><T102/><D71/><U38/><E68/><V52/><F126/><W41/><G120/><T131/><D73/><U2/><E122/><N who="0" m="46601" /><D5/><U49/><E127/><V28/><F28/><W8/><G24/><T79/><D79/><U133/><E38/><V27/><F91/><W14/><G70/><T67/><D67/><U101/><E29/><V132/><F132/><W45/><G11/><T15/><D15/><U32/><E32/><N who="0" m="12329" /><D25/><U59/><E133/><V4/><F4/><W7/><G7/><T40/><D46/><U30/><E30/><V81/><F27/><W125/><G125/><T39/><D44/><U66/><E66/><V115/><F16/><W82/><G77/><T88/><D88/><U128/><E17/><V112/><N who="2" m="29184" /><DORA hai="74" /><V23/><F23/><W105/><G105/><T3/><D3/><U33/><E33/><V1/><F1/><W57/><G93/><T18/><D18/><U95/><E6/><V64/><F64/><W135/><G92/><T22/><D22/><U26/><E2/><V50/><REACH who="2" step="1"/><F90/><REACH who="2" ten="265,250,240,235" step="2"/><W83/><G135/><T31/><D31/><U65/><E26/><V119/><F119/><W84/><G83/><AGARI ba="1,1" hai="37,42,47,50,52,58,81,83,87,89,94" m="29184" machi="83" ten="70,8000,1" yaku="1,1,52,1,54,1,53,0" doraHai="36,74" doraHaiUra="117,63" who="2" fromWho="3" sc="265,0,250,0,240,93,235,-83" /><INIT seed="1,0,0,5,2,41" ten="265,250,333,152" oya="1" hai0="115,59,103,82,11,63,85,46,65,73,10,119,116" hai1="74,104,107,14,19,126,18,88,9,24,44,94,45" hai2="1,62,86,121,117,135,89,33,87,78,53,4,28" hai3="84,97,98,49,7,54,81,92,91,134,123,25,131"/><U130/><E74/><V96/><F121/><W6/><G123/><T66/><D115/><U50/><E130/><V37/><F117/><W93/><G131/><T109/><D73/><U39/><E126/><V133/><F37/><W112/><G134/><N who="2" m="51209" /><F1/><W68/><G68/><T43/><D109/><U132/><E132/><V60/><F4/><W67/><G67/><T48/><D103/><U71/><E71/><V29/><F78/><W36/><G36/><T72/><D72/><U31/><E19/><V76/><F76/><W56/><G112/><T52/><D116/><U22/><E39/><V13/><F13/><W17/><G98/><T34/><D34/><U35/><E35/><V80/><F33/><W3/><G3/><T90/><D119/><U108/><E108/><V64/><F86/><W118/><G118/><T30/><D30/><N who="2" m="11882" /><F96/><W38/><G38/><T95/><D82/><U61/><E61/><N who="2" m="23659" /><F53/><W40/><G40/><T2/><D2/><U69/><E69/><V0/><F0/><W127/><G127/><T125/><D125/><U32/><E32/><V5/><F5/><W21/><REACH who="3" step="1"/><G93/><REACH who="3" ten="265,250,333,142" step="2"/><T58/><D66/><AGARI ba="0,1" hai="64,66,80,87,89" m="23659,11882,51209" machi="66" ten="30,1000,0" yaku="20,1" doraHai="41" who="2" fromWho="0" sc="265,-10,250,0,333,20,142,0" /><INIT seed="2,0,0,0,0,81" ten="255,250,353,142" oya="2" hai0="87,44,125,73,66,96,45,38,21,114,46,82,62" hai1="108,16,135,56,123,55,97,131,105,100,54,64,98" hai2="23,112,68,121,134,104,40,69,95,39,32,20,63" hai3="120,53,30,117,128,58,118,51,91,17,14,79,13"/><V126/><F121/><W37/><G120/><T90/><D114/><U85/><E123/><V124/><F112/><W72/><G128/><T127/><D38/><U113/><E113/><V15/><F32/><W110/><G110/><T12/><D73/><U19/><E108/><V86/><F104/><W115/><G115/><T70/><REACH who="0" step="1"/><D96/><REACH who="0" ten="245,250,353,142" step="2"/><U107/><E131/><V48/><F39/><W129/><G129/><T132/><D132/><U29/><E135/><V133/><F134/><W36/><G37/><T24/><D24/><U33/><E98/><V28/><F133/><W42/><G36/><T49/><D49/><U9/><E97/><V3/><F48/><W103/><G103/><T11/><D11/><U47/><E9/><V130/><F130/><W111/><G111/><T83/><D83/><U74/><E100/><V77/><F126/><W122/><G122/><T5/><D5/><U25/><E74/><V80/><F80/><W75/><G75/><T71/><D71/><U65/><E107/><V6/><F69/><W92/><G42/><T116/><D116/><U43/><E105/><V26/><F68/><W99/><G30/><T18/><AGARI ba="0,1" hai="12,18,21,44,45,46,62,66,70,82,87,90,125,127" machi="18" ten="30,7900,0" yaku="1,1,0,1,52,1,53,1" doraHai="81" doraHaiUra="67" who="0" fromWho="0" sc="245,89,250,-20,353,-39,142,-20" /><INIT seed="3,0,0,5,1,38" ten="334,230,314,122" oya="3" hai0="6,70,109,77,133,58,61,125,88,98,86,56,97" hai1="104,76,11,105,39,90,3,66,14,108,67,42,122" hai2="92,25,93,54,12,63,18,135,52,95,55,36,64" hai3="24,9,47,59,69,107,8,83,106,53,80,84,121"/><W74/><G121/><T21/><D109/><U79/><E122/><V119/><F36/><W41/><G69/><T23/><D125/><U60/><E3/><V49/><F119/><W132/><G132/><T29/><D77/><U32/><E32/><V110/><F135/><W111/><G111/><T7/><D70/><U2/><E2/><V50/><F110/><W26/><G74/><T85/><D133/><U120/><E120/><V73/><F25/><N who="3" m="9835" /><G107/><T15/><D29/><U5/><E108/><V13/><F73/><W62/><G106/><T4/><D15/><U22/><E105/><V48/><REACH who="2" step="1"/><F18/><REACH who="2" ten="334,230,304,122" step="2"/><W37/><G37/><T45/><D6/><U27/><E39/><V129/><F129/><W131/><G131/><T0/><D4/><U87/><E5/><V40/><F40/><W118/><G118/><T128/><D7/><U112/><E42/><V51/><N who="2" m="12800" /><DORA hai="82" /><V130/><F130/><W44/><G41/><T28/><D0/><U16/><E16/><V65/><F65/><W71/><G71/><AGARI ba="0,1" hai="12,13,52,54,55,63,64,71,92,93,95" m="12800" machi="71" ten="60,8000,1" yaku="1,1,29,2,54,1,53,0" doraHai="38,82" doraHaiUra="101,17" who="2" fromWho="3" sc="334,0,230,0,304,90,122,-80" /><INIT seed="4,0,0,1,5,68" ten="334,230,394,42" oya="0" hai0="69,111,39,38,31,57,35,130,46,67,25,10,56" hai1="19,135,97,114,3,80,15,43,77,0,29,54,64" hai2="100,6,12,51,76,41,4,37,126,106,112,44,129" hai3="95,28,81,49,122,108,21,60,17,116,94,127,70"/><T93/><D111/><U109/><E109/><V34/><F34/><W61/><G108/><T96/><D130/><U101/><E64/><V82/><F129/><W22/><G116/><T79/><D79/><U13/><E29/><V7/><F112/><W110/><G122/><T131/><D131/><U84/><E135/><V24/><F126/><W88/><G110/><T5/><D69/><U48/><E114/><V134/><F134/><W62/><G127/><T63/><D57/><U1/><E43/><V66/><F66/><W115/><G70/><T118/><D46/><U27/><E27/><V36/><F24/><W86/><G115/><T103/><REACH who="0" step="1"/><D118/><REACH who="0" ten="324,230,394,42" step="2"/><U16/><E19/><V65/><F65/><W50/><G28/><T78/><D78/><U59/><REACH who="1" step="1"/><E16/><REACH who="1" ten="324,220,394,42" step="2"/><V128/><F128/><W125/><G125/><T30/><D30/><U55/><E55/><V104/><F4/><W83/><G17/><T99/><D99/><U102/><E102/><V71/><F100/><W124/><G124/><T107/><D107/><AGARI ba="0,2" hai="0,1,3,13,15,48,54,59,77,80,84,97,101,107" machi="107" ten="40,1300,0" yaku="1,1,53,0" doraHai="68" doraHaiUra="85" who="1" fromWho="0" sc="324,-13,220,33,394,0,42,0" /><INIT seed="5,0,0,3,4,118" ten="311,253,394,42" oya="1" hai0="56,82,50,121,46,127,117,81,100,40,33,77,26" hai1="76,22,16,58,17,86,115,45,133,67,43,38,110" hai2="2,107,27,23,108,78,52,104,48,11,70,41,105" hai3="32,36,0,73,7,90,49,14,3,96,94,47,42"/><U28/><E110/><V111/><F70/><W84/><G73/><T87/><D117/><U106/><E106/><V122/><F122/><W92/><G32/><T19/><D100/><U59/><E133/><V15/><F2/><W97/><G36/><T123/><D127/><U39/><E28/><V54/><F41/><W109/><G109/><T126/><D126/><U99/><E39/><V95/><F78/><W83/><G0/><T1/><D1/><U24/><E99/><V66/><F66/><W102/><G3/><T62/><D82/><U124/><E124/><V21/><F95/><W85/><REACH who="3" step="1"/><G83/><REACH who="3" ten="311,253,394,32" step="2"/><T72/><D72/><U135/><E135/><V61/><F108/><W63/><G63/><T37/><D37/><U25/><E115/><V69/><F61/><W18/><G18/><T44/><D33/><U91/><E67/><V129/><F111/><W9/><AGARI ba="0,1" hai="7,9,14,42,47,49,84,85,90,92,94,96,97,102" machi="9" ten="30,7900,0" yaku="1,1,0,1,8,1,53,1" doraHai="118" doraHaiUra="6" who="3" fromWho="3" sc="311,-20,253,-39,394,-20,32,89" /><INIT seed="6,0,0,5,3,102" ten="291,214,374,121" oya="2" hai0="43,18,65,22,72,4,101,36,78,47,8,110,44" hai1="69,54,114,64,0,50,85,46,77,45,121,3,103" hai2="130,16,20,95,34,111,28,132,86,84,117,56,9" hai3="89,1,13,26,63,128,74,11,15,109,92,27,32"/><V49/><F117/><W79/><G109/><T96/><D110/><U41/><E121/><V125/><F111/><W76/><G128/><T105/><D65/><U2/><E114/><V5/><F130/><W98/><G1/><T123/><D123/><U135/><E135/><V23/><F132/><W91/><G74/><T90/><D47/><U134/><E134/><V10/><F125/><W53/><G32/><T30/><D30/><U39/><E103/><V120/><F120/><W81/><G91/><T97/><D90/><U62/><E77/><V42/><F34/><W58/><G13/><T35/><D96/><U94/><E85/><V38/><F38/><W82/><G79/><T131/><D35/><U7/><E94/><V19/><F28/><W112/><G112/><T106/><D131/><U118/><E118/><V52/><F42/><W93/><G93/><N who="0" m="58543" /><D18/><N who="2" m="6698" /><F5/><W25/><REACH who="3" step="1"/><G76/><REACH who="3" ten="291,214,374,111" step="2"/><T119/><D119/><U57/><REACH who="1" step="1"/><E45/><REACH who="1" ten="291,204,374,111" step="2"/><V115/><F95/><W48/><G48/><T113/><D113/><U108/><E108/><V83/><F115/><W12/><G12/><T80/><D22/><N who="2" m="8234" /><F83/><W17/><AGARI ba="0,2" hai="11,15,17,25,26,27,53,58,63,81,82,89,92,98" machi="17" ten="30,7900,0" yaku="1,1,0,1,8,1,53,1" doraHai="102" doraHaiUra="55" who="3" fromWho="3" sc="291,-20,204,-20,374,-39,111,99" /><INIT seed="7,0,0,3,0,42" ten="271,184,335,210" oya="3" hai0="71,132,40,36,131,60,28,20,91,2,50,15,13" hai1="119,113,68,118,17,81,23,111,11,43,12,101,79" hai2="24,19,92,125,110,83,10,73,96,7,3,97,114" hai3="115,39,62,21,44,129,117,124,26,33,103,61,127"/><W55/><G33/><T53/><D2/><U89/><E68/><V85/><F110/><W66/><G117/><T120/><D120/><U46/><E111/><V134/><F114/><W65/><G103/><T133/><D133/><U59/><E101/><V38/><F38/><W14/><G14/><T88/><D131/><U108/><E108/><V67/><F134/><W31/><G115/><T121/><D121/><U122/><E113/><V94/><F73/><W84/><G129/><T5/><D5/><U48/><E122/><V27/><F125/><N who="3" m="48203" /><G84/><T56/><D132/><U45/><E89/><N who="0" m="34377" /><D71/><U47/><E59/><V16/><F67/><N who="3" m="25611" /><G39/><T18/><D36/><U90/><E90/><V109/><F109/><W29/><G29/><T37/><D28/><U54/><E43/><V4/><F85/><W51/><AGARI ba="0,0" hai="21,26,31,44,51,55,61,62" m="25611,48203" machi="51" ten="30,3000,0" yaku="18,1,52,1" doraHai="42" who="3" fromWho="3" sc="271,-10,184,-10,335,-10,210,30" /><INIT seed="7,1,0,3,5,86" ten="261,174,325,240" oya="3" hai0="18,56,83,81,134,99,108,130,20,61,121,2,47" hai1="126,73,30,48,90,101,49,100,53,131,63,26,110" hai2="58,5,64,32,51,65,37,34,106,74,35,98,79" hai3="0,128,67,113,42,68,40,45,117,33,125,80,62"/><W115/><G0/><T104/><D2/><U107/><E73/><V39/><F5/><W60/><G33/><T11/><D130/><U69/><E131/><V78/><F51/><W95/><G128/><T91/><D134/><U124/><E110/><V114/><F74/><W17/><G117/><T27/><D121/><U127/><E49/><V6/><F6/><W119/><G119/><T129/><D108/><U44/><E107/><V23/><F23/><W66/><G125/><T14/><D47/><U132/><E132/><V57/><F98/><W71/><G80/><T109/><D109/><U4/><E4/><V133/><F106/><W116/><G116/><T102/><D129/><U13/><E13/><V25/><F114/><N who="3" m="43531" /><G17/><T135/><D135/><U10/><E10/><V12/><F12/><W97/><G45/><T52/><REACH who="0" step="1"/><D91/><AGARI ba="1,0" hai="40,42,60,62,66,67,68,71,91,95,97" m="43531" machi="91" ten="30,2900,0" yaku="15,1,52,1" doraHai="86" who="3" fromWho="0" sc="261,-32,174,0,325,0,240,32" /><INIT seed="7,2,0,0,2,48" ten="229,174,325,272" oya="3" hai0="77,100,30,68,46,6,57,28,114,38,14,73,133" hai1="12,43,40,47,18,76,118,33,31,109,106,91,108" hai2="86,120,107,10,26,3,51,8,9,75,78,21,119" hai3="24,115,98,127,105,70,81,17,15,116,4,63,69"/><W83/><G116/><T19/><D68/><U71/><E118/><V37/><F3/><W58/><G127/><T129/><D6/><U0/><E106/><V5/><F75/><W55/><G115/><T49/><D38/><U64/><E43/><V65/><F37/><W92/><G105/><T32/><D32/><U96/><E76/><V80/><F107/><W66/><G4/><T125/><D133/><U62/><E0/><V52/><F120/><W95/><G24/><T88/><D100/><U132/><E132/><V41/><F119/><W82/><G95/><T39/><D39/><U94/><E31/><N who="2" m="17871" /><F5/><W128/><G128/><T90/><D114/><U34/><E34/><V50/><F65/><W97/><G98/><T101/><D101/><U124/><E33/><V123/><F123/><W53/><G70/><T54/><D73/><U111/><E124/><V130/><F130/><W42/><G42/><T29/><D77/><U72/><E72/><V44/><F8/><N who="3" m="6375" /><G69/><T22/><D129/><U36/><REACH who="1" step="1"/><E109/><REACH who="1" ten="229,164,325,272" step="2"/><V45/><AGARI ba="2,1" hai="9,10,41,44,45,50,51,52,78,80,86" m="17871" machi="45" ten="30,4000,0" yaku="8,1,52,1,54,1" doraHai="48" who="2" fromWho="2" sc="229,-12,164,-12,325,56,272,-22" owari="217,-18.0,152,-35.0,381,48.0,250,5.0" /></mjloggm>